@String(PAMI = {IEEE Trans. Pattern Anal. Mach. Intell.})
@String(IJCV = {Int. J. Comput. Vis.})
@String(CVPR= {IEEE Conf. Comput. Vis. Pattern Recog.})
@String(ICCV= {Int. Conf. Comput. Vis.})
@String(ECCV= {Eur. Conf. Comput. Vis.})
@String(NIPS= {Adv. Neural Inform. Process. Syst.})
@String(ICPR = {Int. Conf. Pattern Recog.})
@String(BMVC= {Brit. Mach. Vis. Conf.})
@String(TOG= {ACM Trans. Graph.})
@String(TIP  = {IEEE Trans. Image Process.})
@String(TVCG  = {IEEE Trans. Vis. Comput. Graph.})
@String(TMM  = {IEEE Trans. Multimedia})
@String(ACMMM= {ACM Int. Conf. Multimedia})
@String(ICME = {Int. Conf. Multimedia and Expo})
@String(ICASSP=	{ICASSP})
@String(ICIP = {IEEE Int. Conf. Image Process.})
@String(ACCV  = {ACCV})
@String(ICLR = {Int. Conf. Learn. Represent.})
@String(IJCAI = {IJCAI})
@String(PR   = {Pattern Recognition})
@String(AAAI = {AAAI})
@String(CVPRW= {IEEE Conf. Comput. Vis. Pattern Recog. Worksh.})
@String(CSVT = {IEEE Trans. Circuit Syst. Video Technol.})

@String(SPL	= {IEEE Sign. Process. Letters})
@String(VR   = {Vis. Res.})
@String(JOV	 = {J. Vis.})
@String(TVC  = {The Vis. Comput.})
@String(JCST  = {J. Comput. Sci. Tech.})
@String(CGF  = {Comput. Graph. Forum})
@String(CVM = {Computational Visual Media})


@String(PAMI  = {IEEE TPAMI})
@String(IJCV  = {IJCV})
@String(CVPR  = {CVPR})
@String(ICCV  = {ICCV})
@String(ECCV  = {ECCV})
@String(NIPS  = {NeurIPS})
@String(ICPR  = {ICPR})
@String(BMVC  =	{BMVC})
@String(TOG   = {ACM TOG})
@String(TIP   = {IEEE TIP})
@String(TVCG  = {IEEE TVCG})
@String(TCSVT = {IEEE TCSVT})
@String(TMM   =	{IEEE TMM})
@String(ACMMM = {ACM MM})
@String(ICME  =	{ICME})
@String(ICASSP=	{ICASSP})
@String(ICIP  = {ICIP})
@String(ACCV  = {ACCV})
@String(ICLR  = {ICLR})
@String(IJCAI = {IJCAI})
@String(PR = {PR})
@String(AAAI = {AAAI})
@String(CVPRW= {CVPRW})
@String(CSVT = {IEEE TCSVT})

@article{zura2015101,
  title   = {101 Formulaic alphas},
  author  = {Zura, Kakushadze and Geoffrey, L and Igor, T},
  journal = {Ssrn Electronic Journal},
  year    = {2015}
}

@article{yang2020qlib,
  title   = {Qlib: An ai-oriented quantitative investment platform},
  author  = {Yang, Xiao and Liu, Weiqing and Zhou, Dong and Bian, Jiang and Liu, Tie-Yan},
  journal = {arXiv preprint arXiv:2009.11189},
  year    = {2020}
}
@article{rumelhart1986learning,
  title     = {Learning representations by back-propagating errors},
  author    = {Rumelhart, David E and Hinton, Geoffrey E and Williams, Ronald J},
  journal   = {nature},
  volume    = {323},
  number    = {6088},
  pages     = {533--536},
  year      = {1986},
  publisher = {Nature Publishing Group UK London}
}

@article{memory2010long,
  title   = {Long short-term memory},
  author  = {Memory, Long Short-Term},
  journal = {Neural computation},
  volume  = {9},
  number  = {8},
  pages   = {1735--1780},
  year    = {2010}
}

@article{yu2019review,
  title     = {A review of recurrent neural networks: LSTM cells and network architectures},
  author    = {Yu, Yong and Si, Xiaosheng and Hu, Changhua and Zhang, Jianxun},
  journal   = {Neural computation},
  volume    = {31},
  number    = {7},
  pages     = {1235--1270},
  year      = {2019},
  publisher = {MIT Press One Rogers Street, Cambridge, MA 02142-1209, USA journals-info~â€¦}
}

@article{cho2014learning,
  title   = {Learning phrase representations using RNN encoder-decoder for statistical machine translation},
  author  = {Cho, Kyunghyun and Van Merri{\"e}nboer, Bart and Gulcehre, Caglar and Bahdanau, Dzmitry and Bougares, Fethi and Schwenk, Holger and Bengio, Yoshua},
  journal = {arXiv preprint arXiv:1406.1078},
  year    = {2014}
}

@article{pascanu2019construct,
  title   = {How to construct deep recurrent neural networks. arXiv 2013},
  author  = {Pascanu, Razvan and Gulcehre, Caglar and Cho, Kyunghyun and Bengio, Yoshua},
  journal = {arXiv preprint arXiv:1312.6026},
  year    = {2019}
}

@article{shah2019stock,
  title     = {Stock market analysis: A review and taxonomy of prediction techniques},
  author    = {Shah, Dev and Isah, Haruna and Zulkernine, Farhana},
  journal   = {International Journal of Financial Studies},
  volume    = {7},
  number    = {2},
  pages     = {26},
  year      = {2019},
  publisher = {MDPI}
}

@article{schuster1997bidirectional,
  title     = {Bidirectional recurrent neural networks},
  author    = {Schuster, Mike and Paliwal, Kuldip K},
  journal   = {IEEE transactions on Signal Processing},
  volume    = {45},
  number    = {11},
  pages     = {2673--2681},
  year      = {1997},
  publisher = {Ieee}
}

@article{vaswani2017attention,
  title   = {Attention is all you need},
  author  = {Vaswani, Ashish and Shazeer, Noam and Parmar, Niki and Uszkoreit, Jakob and Jones, Llion and Gomez, Aidan N and Kaiser, {\L}ukasz and Polosukhin, Illia},
  journal = {Advances in neural information processing systems},
  volume  = {30},
  year    = {2017}
}

@article{agrawal2013state,
  title     = {State-of-the-art in stock prediction techniques},
  author    = {Agrawal, JG and Chourasia, V and Mittra, A},
  journal   = {International Journal of Advanced Research in Electrical, Electronics and Instrumentation Engineering},
  volume    = {2},
  number    = {4},
  pages     = {1360--1366},
  year      = {2013},
  publisher = {Citeseer}
}

@article{ke2017lightgbm,
  title   = {Lightgbm: A highly efficient gradient boosting decision tree},
  author  = {Ke, Guolin and Meng, Qi and Finley, Thomas and Wang, Taifeng and Chen, Wei and Ma, Weidong and Ye, Qiwei and Liu, Tie-Yan},
  journal = {Advances in neural information processing systems},
  volume  = {30},
  year    = {2017}
}

@inproceedings{chen2016xgboost,
  title     = {Xgboost: A scalable tree boosting system},
  author    = {Chen, Tianqi and Guestrin, Carlos},
  booktitle = {Proceedings of the 22nd acm sigkdd international conference on knowledge discovery and data mining},
  pages     = {785--794},
  year      = {2016}
}

@article{prokhorenkova2018catboost,
  title   = {CatBoost: unbiased boosting with categorical features},
  author  = {Prokhorenkova, Liudmila and Gusev, Gleb and Vorobev, Aleksandr and Dorogush, Anna Veronika and Gulin, Andrey},
  journal = {Advances in neural information processing systems},
  volume  = {31},
  year    = {2018}
}

@article{pedregosa2011scikit,
  title     = {Scikit-learn: Machine learning in Python},
  author    = {Pedregosa, Fabian and Varoquaux, Ga{\"e}l and Gramfort, Alexandre and Michel, Vincent and Thirion, Bertrand and Grisel, Olivier and Blondel, Mathieu and Prettenhofer, Peter and Weiss, Ron and Dubourg, Vincent and others},
  journal   = {the Journal of machine Learning research},
  volume    = {12},
  pages     = {2825--2830},
  year      = {2011},
  publisher = {JMLR. org}
}

@article{valipour2013comparison,
  title     = {Comparison of the ARMA, ARIMA, and the autoregressive artificial neural network models in forecasting the monthly inflow of Dez dam reservoir},
  author    = {Valipour, Mohammad and Banihabib, Mohammad Ebrahim and Behbahani, Seyyed Mahmood Reza},
  journal   = {Journal of hydrology},
  volume    = {476},
  pages     = {433--441},
  year      = {2013},
  publisher = {Elsevier}
}

@book{zhang2023dive,
  title     = {Dive into deep learning},
  author    = {Zhang, Aston and Lipton, Zachary C and Li, Mu and Smola, Alexander J},
  year      = {2023},
  publisher = {Cambridge University Press}
}
